<?xml version="1.0" encoding="UTF-8"?><collection xmlns="http://www.loc.gov/MARC21/slim"><record><leader>00687nam--2200181-i-4500</leader><controlfield tag="001">000049420</controlfield><controlfield tag="002">20161230</controlfield><controlfield tag="005">20161230201047</controlfield><controlfield tag="008">060222s1000------------r-----000-0-eng-d</controlfield><datafield ind1=" " ind2=" " tag="040"><subfield code="a">IFIN-HH</subfield></datafield><datafield ind1=" " ind2=" " tag="080"><subfield code="a">539.12.162.8(061.3)</subfield></datafield><datafield ind1="1" ind2=" " tag="100"><subfield code="a">Bowman, J.D</subfield></datafield><datafield ind1="1" ind2="0" tag="245"><subfield code="a">Proceedings of the workshop on nuclear and particle physics at energies up to 31 gev:new and future aspects</subfield><subfield code="b">Held at los alamos national laboratory los alamos, new mexico, january 5-8, 1981</subfield><subfield code="c">J.d. bowman, l.s. kisslinger, r.r. silbar (eds.)</subfield></datafield><datafield ind1=" " ind2=" " tag="260"><subfield code="a">Los Alamos</subfield><subfield code="b">Los Alamos Scientific Laboratory</subfield><subfield code="c">1981</subfield></datafield><datafield ind1=" " ind2=" " tag="300"><subfield code="a">XIV + 566P</subfield></datafield><datafield ind1="1" ind2=" " tag="700"><subfield code="a">Silbar, R.R</subfield><subfield code="e">Ed</subfield></datafield><datafield ind1=" " ind2=" " tag="852"><subfield code="a">78961</subfield><subfield code="c">539.14</subfield></datafield><datafield ind1=" " ind2=" " tag="CAT"><subfield code="a">Sys</subfield><subfield code="c">20120406</subfield><subfield code="h">092342</subfield></datafield></record></collection>